<collection xmlns="http://www.loc.gov/MARC21/slim">
<record>
  <leader>01493nam0a2200265 i 450 </leader>
  <controlfield tag="001">IT\ICCU\CNCE\074878</controlfield>
  <controlfield tag="005">20130712000000.0</controlfield>
  <datafield tag="012" ind1=" " ind2=" ">
    <subfield code="a">roa- a.ma o.o, vaLa (C) 1587 (R)</subfield>
    <subfield code="2">fei</subfield>
  </datafield>
  <datafield tag="100" ind1=" " ind2=" ">
    <subfield code="a">20091111d1587        0itac0103    ba</subfield>
  </datafield>
  <datafield tag="101" ind1=" " ind2=" ">
    <subfield code="a">ITA</subfield>
  </datafield>
  <datafield tag="102" ind1=" " ind2=" ">
    <subfield code="a">IT</subfield>
  </datafield>
  <datafield tag="200" ind1="1" ind2=" ">
    <subfield code="a">℗La ℗Conuersione di Maddalena. Del molto reuer. il p.f. Gioseppe Policreti. Alla m. illustre sig. Filothea Gualda Sessa sig. et padrona osseruadissima</subfield>
  </datafield>
  <datafield tag="210" ind1=" " ind2=" ">
    <subfield code="a">In Vicenza</subfield>
    <subfield code="c">appresso Perin libraro</subfield>
    <subfield code="d">&amp; Giorgio Greco compagni</subfield>
    <subfield code="d">1587</subfield>
  </datafield>
  <datafield tag="215" ind1=" " ind2=" ">
    <subfield code="a">\10! c.</subfield>
    <subfield code="d">4ʻ</subfield>
  </datafield>
  <datafield tag="620" ind1=" " ind2=" ">
    <subfield code="a">IT</subfield>
    <subfield code="d">Vicenza</subfield>
  </datafield>
  <datafield tag="700" ind1=" " ind2="1">
    <subfield code="a">Policreti,</subfield>
    <subfield code="b">Giuseppe</subfield>
    <subfield code="3">IT\ICCU\CNCA\011880</subfield>
  </datafield>
  <datafield tag="712" ind1="0" ind2="0">
    <subfield code="a">Perin &amp; Greco, Giorgio</subfield>
    <subfield code="3">IT\ICCU\CNCT\000885</subfield>
    <subfield code="4">650</subfield>
  </datafield>
  <datafield tag="790" ind1=" " ind2="1">
    <subfield code="a">Policreto,</subfield>
    <subfield code="b">Giuseppe</subfield>
    <subfield code="3">IT\ICCU\CNCA\011881</subfield>
    <subfield code="z">Policreti, Giuseppe</subfield>
  </datafield>
  <datafield tag="790" ind1=" " ind2="0">
    <subfield code="a">Pellegrino Accademico Cospirante</subfield>
    <subfield code="3">IT\ICCU\CNCA\014726</subfield>
    <subfield code="z">Policreti, Giuseppe</subfield>
  </datafield>
  <datafield tag="790" ind1=" " ind2="1">
    <subfield code="a">Policretti,</subfield>
    <subfield code="b">Giuseppe</subfield>
    <subfield code="3">IT\ICCU\CNCA\023007</subfield>
    <subfield code="z">Policreti, Giuseppe</subfield>
  </datafield>
  <datafield tag="790" ind1=" " ind2="1">
    <subfield code="a">Policretto,</subfield>
    <subfield code="b">Gioseffo</subfield>
    <subfield code="3">IT\ICCU\CNCA\025984</subfield>
    <subfield code="z">Policreti, Giuseppe</subfield>
  </datafield>
  <datafield tag="801" ind1=" " ind2="3">
    <subfield code="a">IT</subfield>
    <subfield code="b">ICCU</subfield>
    <subfield code="c">20201115</subfield>
  </datafield>
  <datafield tag="899" ind1=" " ind2=" ">
    <subfield code="a">Biblioteca civica. Verona</subfield>
    <subfield code="1">VR0059</subfield>
    <subfield code="2">ZVR 02</subfield>
  </datafield>
  <datafield tag="911" ind1=" " ind2=" ">
    <subfield code="a">Sul front.</subfield>
    <subfield code="9">IT\ICCU\CNCM\000618</subfield>
  </datafield>
  <datafield tag="921" ind1=" " ind2=" ">
    <subfield code="a">IT\ICCU\CNCM\000618</subfield>
    <subfield code="b">S. Giustina (donna con il petto trafitto da una spada tiene nella mano destra un ramo di palma). In cornice fig.:</subfield>
    <subfield code="e">Late et sanguine pauit se. ; all&apos;esterno della cornice: Memor ero tui Iustina virgo</subfield>
    <subfield code="c">A149</subfield>
    <subfield code="c">V548</subfield>
    <subfield code="c">Z683</subfield>
    <subfield code="d">Dimensioni: 5,5 x 5,5. Con o senza motto esterno</subfield>
    <subfield code="f">DONNA</subfield>
    <subfield code="f">GIUSTINA</subfield>
    <subfield code="f">LATEETSANG</subfield>
    <subfield code="f">PALMA</subfield>
    <subfield code="f">SPADA</subfield>
    <subfield code="g">1581-1592</subfield>
  </datafield>
</record>
</collection>
